                  
@Article{szabo:17,
  author =       {Szabó, Eszter Judit},
  title =        {Carol {S}. {D}weck: „{M}inden hiba újabb lehetőség a tanulásra”},
  journal =      {Pszichoforyou},
  note = {{\texttt{https://pszichoforyou.hu}}, 2017. 08. 30.},
  year =         2017,
  month =     8}

                  
@Article{ericsson:etal:1993,
  author =       {Ericsson, K. A. and Krampe, R. T. and Tesch-Römer, C.},
  title =        {The role of deliberate practice in the acquisition of expert performance},
  journal =      {Psychological Review},
  year =         1993,
  volume =    100,
  pages =     {363–406}}

@Article{gerencser:18,
  author =       {Gerencsér, Dóra},
  title =        {Fejlődésközpontú szemlélet az iskolában},
  journal =      {Tantrend},
  year =         2018,
  note =      {{\texttt{https://tantrend.hu}, 2018. 02. 12.}}}

@Booklet{eef:18,
  title =        {Metacognition and self-{\break}regulated learning: {G}uidance report},
  author = {{Education Endowment Foundation}},
  howpublished = {Online document},
  month =     4,
  year =      2018,
  note =      {{\hfil\break\texttt{https:educationendowmentfoundation.org.uk}}}}

@misc{ofi:kerettanterv-regi,
  author={{Emberi Erőforrások Minisztériuma, EMMI}},
  title = {{51/2012. ({XII.} 21.) {EMMI} rendelet
a kerettantervek kiadásának és jóváhagyásának rendjéről. 1., 2., 3. és 4. melléklet}},
  note={[Letöltve 2019. január]},
  howpublished = "\mbox{\url{http://kerettanterv.ofi.hu/}}",
  year={2012}

}

@misc{Nat2020,
  author={{Magyarország Kormánya}},
  title={A Kormány 5/2020. (I. 31.) Korm. rendelete
a Nemzeti alaptanterv kiadásáról, bevezetéséről és alkalmazásáról szóló
110/2012. (VI. 4.) Korm. rendelet módosításáról.},
  year={2020},
  url={http://www.kozlonyok.hu/nkonline/MKPDF/hiteles/MK20017.pdf}
}

@misc{Kerettanterv2020,
  author={{Oktatási Hivatal}},
  title={Kerettanterv az általános iskola 1–4., 5-8. évfolyamára és Kerettanterv a gimnáziumok 9–12. évfolyamára},
  year={2020},
  url={https://www.oktatas.hu/kozneveles/kerettantervek/2020_nat}
}


@book{Csikszentmihalyi1991,
  abstract = {You have heard about how a musician loses herself in her music, how a painter becomes one with the process of painting. In work, sport, conversation or hobby, you have experienced, yourself, the suspension of time, the freedom of complete absorption in activity. This is "flow," an experience that is at once demanding and rewarding--an experience that Mihaly Csikszentmihalyi demonstrates is one of the most enjoyable and valuable experiences a person can have. The exhaustive case studies, controlled experiments and innumerable references to historical figures, philosophers and scientists through the ages prove Csikszentmihalyi's point that flow is a singularly productive and desirable state. But the implications for its application to society are what make the book revolutionary. 
The bestselling introduction to "flow"--a groundbreaking psychological theory that shows readers how to improve the quality of life. "The way to happiness lies not in mindless hedonism, but in mindful change<I>."--New York Times Book Review</I>},
  added-at = {2010-09-07T15:35:48.000+0200},
  address = {New York, NY},
  author = {Csikszentmihalyi, Mihaly},
  biburl = {https://www.bibsonomy.org/bibtex/232076171f49c47cc51841ccca133fc25/yish},
  howpublished = {Paperback},
  interhash = {82aed741db390d495042525e214664e5},
  intrahash = {32076171f49c47cc51841ccca133fc25},
  isbn = {0060920432},
  keywords = {affective design enjoyment experience games mathgamespatterns psychology},
  month = {March},
  priority = {2},
  publisher = {Harper Perennial},
  timestamp = {2010-09-07T15:35:48.000+0200},
  title = {Flow: The Psychology of Optimal Experience},
  url = {http://www.amazon.com/gp/product/0060920432/ref=si3_rdr_bb_product/104-4616565-4570345},
  year = 1991
}




@misc{ WHO1999,
       author = "World Health Organization, WHO",
       title = "Partners in Life Skills Education: {C}onclusions from a United Nations Inter-Agency Meeting",
       year = "1999" }

@misc{ wiki:smart,
         author = "{Wikipedia contributors}",
         title = "SMART criteria",
         year = "2018",
         url = "https://en.wikipedia.org/wiki/SMART\_criteria",
         note = "[Online; accessed 22-July-2018]"
       }
@misc{wiki:loosly,
author="{Wikipedia szerkesztők}",
title="Loose coupling",
year="2019",
url="https://en.wikipedia.org/wiki/Loose\_coupling",
note="[Hálózatról utoljára letöltve 2019/02/26]"
}

@misc{wiki:game_levels,
author={Wikipedia~Level-based~progression},
title={Level-based progression},
year={2019},
url="https://en.wikipedia.org/wiki/Experience_point#Level-based_progression",
note="[Hálózatról utoljára letöltve 2019/04/14]"
}

@misc{ indepence_level,
author="Khan Lab School",
title="Independence Levels",
url="https://khanlabschool.org/independence-levels",year={2014}}

@misc {okr,
author = "{Wikipedia contributors}",
title = "{Objectives and key results (OKR)}",
year = "2018",
url = "https://en.wikipedia.org/wiki/OKR",
note = "[Online; accessed 22-July-2018]"
}

@book{Knowles1977,
author={ Malcolm Shepherd Knowles},
title ={Self-directoed learning: a guide for learners and teachers},
publisher={New York: Association Press},
year={1977},
}

@book{Dweck2006,
author={Dweck, Carol S.},
title={Mindset: The New Psychology of Success.},
publisher={New York: Random House},
year={2006}
}
@misc{Perczel2009,
title={Bevezetés a pszichoterápiába -- A terápiás kapcsolat és a terápia folyamata},
author={Dóra Perczel-Forintos },
publisher={Semmelweis Egyetem Klinikai Pszichológia Tanszék},
year={2009},
}
@book{Ericsson2016,
  title={Peak: Secrets from the New Science of Expertise},
  author={Ericsson, K.A. and Pool, R.},
  isbn={9780544456235},
  lccn={2015042796},
  url={https://books.google.hu/books?id=o9AeswEACAAJ},
  year={2016},
  publisher={Houghton Mifflin Harcourt}
}

@book{Pink2011,
  title={Drive: The Surprising Truth About What Motivates Us},
  author={Pink, D.H.},
  isbn={9781101524381},
  url={https://books.google.hu/books?id=A-agLi2ldB4C},
  year={2011},
  publisher={Penguin Publishing Group}
}

@book{Khan2012,
  title={The One World Schoolhouse: Education Reimagined},
  author={Khan, S.},
  isbn={9781455508396},
  lccn={2012025840},
  url={https://books.google.hu/books?id=xz-gkDYm4UUC},
  year={2012},
  publisher={Grand Central Publishing}
}

@book{Mitra2012,
  title={Beyond the Hole in the Wall: Discover the Power of Self-Organized Learning},
  author={Mitra, S.},
  isbn={9781937382087},
  url={https://books.google.hu/books?id=ENfanQAACAAJ},
  year={2012},
  publisher={Ted Conferences}
}

@book{2006schooling,
  title={Schooling for Tomorrow Personalising Education},
  year={2006},

  author={OECD},
  isbn={9789264036598},
  lccn={2006484555},
  series={Schooling for Tomorrow},
  url={https://books.google.hu/books?id=Pbm6hjTGnooC},
  publisher={OECD Publishing}
}

@article{Barabasi2007,
author = {Barabasi, Albert-Laszlo},
year = {2007},
month = {09},
pages = {33 - 42},
title = {The Architecture of Complexity},
volume = {27},
journal = {Control Systems, IEEE},
doi = {10.1109/MCS.2007.384127}
}

@book{Erikson1991,
author={Erik Erikson},
year = {1959},
title = {Identity and the life cycle: Selected papers.},
publisher = { New York: International Universities Press}
}


@book{Rosenberg2003,
  title={Nonviolent Communication: A Language of Life: Life-Changing Tools for Healthy Relationships},
  author={Rosenberg, M. and Gandhi, A.},
  isbn={9781892005694},
  lccn={2003010831},
  series={Nonviolent Communication Guides},
  url={https://books.google.hu/books?id=nY4tDDO93E8C},
  year={2003},
  publisher={PuddleDancer Press}
}

@article{kisiskolak,
title={A falusi kisiskolák helyzete},
author={Forray R. Katalin},
year={1998},
journal={Kutatás közben, Educatio füzetek},

}

@book{Doerr2018,
  title={Measure What Matters: OKRs: The Simple Idea that Drives 10x Growth},
  author={Doerr, J.},
  isbn={9780241983775},
  url={https://books.google.hu/books?id=XIU5DwAAQBAJ},
  year={2018},
  publisher={Penguin Books Limited}
}

@article{Doran1981,
title={There's a S.M.A.R.T. way to write management's goals and objectives},
author={Doran, G. T.},
year={1981},
journal={Management Review},
pages = {35 - 36},
}

@book{Trilling2009,
  title={21st Century Skills: Learning for Life in Our Times},
  author={Trilling, B. and Fadel, C.},
  isbn={9780470553626},
  lccn={2009021545},
  series={Wiley Desktop Editions},
  url={https://books.google.hu/books?id=a52GCT5msx4C},
  year={2009},
  publisher={Wiley}
}


@book{cedefop,
title={Terminology of European education and training policy: a selection of 130 terms.},
author={Cedefop},
year={2014},
publisher={Luxembourg: Publications Office.},
edition={2nd}
}

@book{Cedefop2008,
title={The shift to learning outcomes. Conceptual, political and practical developments in Europe
},
author= {Cedefop},
year={2008},
publisher = {Cedefop}
}

@book{lifelong_memorandum,
title = {"Memorandum az egész életen át tartó tanulásról"},
year={2000},
publisher={Európai Közösségek Bizottsága, Brüsszel}
}

@inproceedings{sociocracy,
author = {Eckstein, Jutta},
year = {2016},
month = {05},
pages = {1-5},
title = {Sociocracy: An Organization Model for Large-Scale Agile Development},
doi = {10.1145/2962695.2962701}
}